<record><leader>00000cas a22000007a 4500</leader><controlfield tag="001">24435677</controlfield><controlfield tag="008">910923d19701984mouwr ne      0    0eng d</controlfield><datafield ind1=" " ind2=" " tag="010"><subfield code="a">sn 91061017 </subfield></datafield><datafield ind1=" " ind2=" " tag="040"><subfield code="a">MQN</subfield><subfield code="b">eng</subfield><subfield code="c">MQN</subfield><subfield code="d">OCLCQ</subfield></datafield><datafield ind1=" " ind2=" " tag="042"><subfield code="a">msc</subfield></datafield><datafield ind1="0" ind2="0" tag="245"><subfield code="a">Clayton citizen.</subfield></datafield><datafield ind1=" " ind2=" " tag="260"><subfield code="a">Creve Coeur, Mo. :</subfield><subfield code="b">[s.n.],</subfield><subfield code="c">-1984.</subfield></datafield><datafield ind1=" " ind2=" " tag="300"><subfield code="a">v.</subfield></datafield><datafield ind1=" " ind2=" " tag="310"><subfield code="a">Weekly</subfield></datafield><datafield ind1="1" ind2=" " tag="362"><subfield code="a">Began in 1970?</subfield></datafield><datafield ind1="0" ind2=" " tag="362"><subfield code="a">-v. 14, no. 35 (Aug. 29, 1984).</subfield></datafield><datafield ind1=" " ind2=" " tag="500"><subfield code="a">Member: Suburban Newspapers of Greater St. Louis.</subfield></datafield><datafield ind1=" " ind2=" " tag="588"><subfield code="a">Description based on: Vol. 9, no. 16 (Jan. 3, 1979).</subfield></datafield><datafield ind1=" " ind2=" " tag="752"><subfield code="a">United States</subfield><subfield code="b">Missouri</subfield><subfield code="c">Saint Louis</subfield><subfield code="d">Creve Coeur.</subfield></datafield><datafield ind1="0" ind2="0" tag="785"><subfield code="t">Clayton citizen journal</subfield><subfield code="w">(DLC)sn 91061016</subfield></datafield></record>